<record><leader>00000cas a22000007a 4500</leader><controlfield tag="001">19226831</controlfield><controlfield tag="008">890216d1963196upauwr ne      0    0eng d</controlfield><datafield ind1=" " ind2=" " tag="010"><subfield code="a">sn 89077606 </subfield></datafield><datafield ind1=" " ind2=" " tag="040"><subfield code="a">NPH</subfield><subfield code="b">eng</subfield><subfield code="c">NPH</subfield><subfield code="d">OCLCQ</subfield></datafield><datafield ind1=" " ind2=" " tag="042"><subfield code="a">msc</subfield></datafield><datafield ind1="0" ind2="4" tag="245"><subfield code="a">The Lakeview breeze.</subfield></datafield><datafield ind1=" " ind2=" " tag="260"><subfield code="a">Sandy Lake, Mercer County, Pa. :</subfield><subfield code="b">Allied Newspapers,</subfield><subfield code="c">1963-</subfield></datafield><datafield ind1=" " ind2=" " tag="300"><subfield code="a">v. :</subfield><subfield code="b">ill. ;</subfield><subfield code="c">52 cm.</subfield></datafield><datafield ind1=" " ind2=" " tag="310"><subfield code="a">Weekly</subfield></datafield><datafield ind1="0" ind2=" " tag="362"><subfield code="a">61st yr., no. 13 (Jan. 2, 1963)-</subfield></datafield><datafield ind1=" " ind2=" " tag="500"><subfield code="a">"News of Sandy Lake, Stoneboro and surrounding area."</subfield></datafield><datafield ind1=" " ind2=" " tag="752"><subfield code="a">United States</subfield><subfield code="b">Pennsylvania</subfield><subfield code="c">Mercer</subfield><subfield code="d">Sandy Lake.</subfield></datafield><datafield ind1="0" ind2="0" tag="780"><subfield code="t">Sandy Lake breeze</subfield><subfield code="w">(DLC)sn 89077607</subfield></datafield><datafield ind1="0" ind2="0" tag="785"><subfield code="t">Allied news the Lakeview breeze</subfield><subfield code="w">(DLC)sn 89077605</subfield></datafield></record>